@WWW{jsonrpc,
  author = {JSON-RPC Working Group},
  title  = {JSON-RPC 2.0 Specification},
  year   = {2010},
  url    = {https://www.jsonrpc.org/specification},
}

@WWW{sse,
  editor = {Ian Hickson},
  title  = {Server-Sent Events Specification},
  year   = {2009},
  url    = {https://www.w3.org/TR/eventsource},
}

@WWW{http,
  author = {R. Fielding and J. Gettys and J. Mogul and H. Frystyk and L. Masinter and P. Leach and T. Berners-Lee},
  title  = {HTTP 1.1 Specification},
  year   = {1999},
  url    = {https://tools.ietf.org/html/rfc2616.html},
}

@WWW{tcp,
  author = {Information Sciences Institute, University of Southern California},
  title  = {Transmission control protocol specification},
  year   = {1981},
  url    = {https://tools.ietf.org/html/rfc793},
}